
@inproceedings{murphy2019nan,
  author = "Murphy, VII, Tom",
  title = "{NaN} gates and flip {FLOPS}",
  day = "1",
  month = Apr,
  year = "2019",
  booktitle = {A Record of the Proceedings of {SIGBOVIK} 2019},
  note = {\url{sigbovik.org/2019}},
}

@inproceedings{mccann2018fluint,
  title = "The fluint8 software integer library",
  pages={125--128},
  author = "Jim McCann and Murphy, VII, Tom",
  day = "1",
  month = Apr,
  year = "2018",
  booktitle = {A Record of the Proceedings of {SIGBOVIK} 2018},
  note = {\url{sigbovik.org/2018}},
}

@inproceedings{murphy2019eloworld,
  author = "Murphy, VII, Tom",
  title = "Elo {W}orld: {A} framework for benchmarking weak chess algorithms",
  publisher = {ACH},
  day = "1",
  month = Apr,
  year = "2019",
  booktitle = {A Record of the Proceedings of {SIGBOVIK} 2019},
  note = {\url{sigbovik.org/2019}},
}

@inproceedings{murphy2014epsilon,
  author = "Murphy, VII, Tom",
  title = "What, if anything, is epsilon?",
  publisher = {ACH},
  day = "1",
  month = Apr,
  year = "2014",
  booktitle = {A Record of the Proceedings of {SIGBOVIK} 2014},
  note = {\url{sigbovik.org/2014}},
  pages={93--97},
}

@article{kingma2014adam,
  title={Adam: A method for stochastic optimization},
  author={Kingma, Diederik P. and Ba, Jimmy Lei},
  journal={arXiv preprint arXiv:1412.6980},
  year={2014}
}

% MNIST
@article{lecun1998gradient,
  title={Gradient-based learning applied to document recognition},
  author={LeCun, Yann and Bottou, L{\'e}on and Bengio, Yoshua and Haffner, Patrick},
  journal={Proceedings of the IEEE},
  volume={86},
  number={11},
  pages={2278--2324},
  year={1998},
  publisher={Ieee}
}

% CIFAR-10
@article{krizhevsky2009learning,
  title={Learning multiple layers of features from tiny images},
  author={Krizhevsky, Alex and Hinton, Geoffrey and others},
  year={2009},
  publisher={Toronto, ON, Canada}
}

@article{feistel1973cryptography,
  title={Cryptography and computer privacy},
  author={Feistel, Horst},
  journal={Scientific {A}merican},
  volume={228},
  number={5},
  pages={15--23},
  year={1973},
  publisher={JSTOR}
}

@misc{stockfish,
  title = "Stockfish Chess",
  author={Tord Romstad and Marco Costalba and Joona Kiiski},
  note = {\url{https://stockfishchess.org/}},
  year = {2023},
}

@misc{half,
  title = {{half} - {IEEE} 754-based half-precision floating-point library},
  author = {Christian Rau},
  note= {\url{https://half.sourceforge.net/}},
  year = {2022},
}