@inproceedings{murphy2015redi,
  author = "Murphy, VII, Tom",
  title = "Red i removal with artificial retinal networks",
  day = 1,
  month = Apr,
  year = 2015,
  note = {\url{http://sigbovik.org/2015}},
  publisher = {ACH},
  booktitle = {A record of the proceedings of {SIGBOVIK} 2015},
  pages = {27--32},
}

@inproceedings{murphy2019blind,
  author = "Murphy, VII, Tom",
  title = "Color- and piece-blind chess",
  publisher = {ACH},
  day = "1",
  month = Apr,
  year = "2019",
  booktitle = {A Record of the Proceedings of {SIGBOVIK} 2019},
  note = {\url{http://sigbovik.org/2019}},
}

@inproceedings{murphy2019eloworld,
  author = "Murphy, VII, Tom",
  title = "Elo {W}orld: {A} framework for benchmarking weak chess algorithms",
  publisher = {ACH},
  day = "1",
  month = Apr,
  year = "2019",
  booktitle = {A Record of the Proceedings of {SIGBOVIK} 2019},
  note = {\url{http://sigbovik.org/2019}},
}

@book{aho1986compilers,
  title={Compilers, principles, techniques},
  author={Aho, Alfred V. and Sethi, Ravi and Ullman, Jeffrey D.},
  publisher={Addison Wesley},
  year={1986},
  isbn={0-201-10088-6},
}

@techreport{rfc792,
  author = {J. Postel},
  title = {Internet Control Message Protocol},
  howpublished = {Internet Requests for Comments},
  type = {STD},
  number = {5},
  year = {1981},
  month = {September},
  issn = {2070-1721},
  publisher = {RFC Editor},
  institution = {RFC Editor},
  url = {http://www.rfc-editor.org/rfc/rfc792.txt},
  note = {\url{http://www.rfc-editor.org/rfc/rfc792.txt}},
}

@misc{wikipediafat12,
  title = "File Allocation Table",
  note = {\url{http://en.wikipedia.org/wiki/File_Allocation_Table#FAT12}},
  author = {Wikipedia},
  year = {2022},
}

@misc{wikipediahilbertcurve,
  title = "Hilbert curve",
  note = {\url{https://en.wikipedia.org/wiki/Hilbert_curve}},
  author = {Wikipedia},
  year = {2022},
}

@article{hilbert1891ueber,
  title = {Ueber die stetige {A}bbildung einer {L}inie auf ein {F}l\"achenst\"uck},
  author = {David Hilbert},
  year = {1891},
  journal = {{M}athematische {A}nnalen},
  publisher = {Springer},
  pages = {459--460},
  url = {http://www.digizeitschriften.de/dms/resolveppn/?PID=GDZPPN002253135}
}

@misc{wikipediapingofdeath,
  title = {Ping of death},
  note = {\url{https://en.wikipedia.org/wiki/Ping_of_death}},
  author = {Wikipedia},
  year = {2022},
}

@misc{wikipediasmurfattack,
  title = {Smurf attack},
  note = {\url{https://en.wikipedia.org/wiki/Smurf_attack}},
  author = {Wikipedia},
  year = {2022},
}

@misc{golomb1967shift,
  title = {Shift register sequences},
  publisher = {Holden-Day},
  series = {Holden-Day series in information systems},  
  author = {Golomb, Solomon Wolf and Welch, Lloyd R.},
  lccn = {66017667},
}

@misc{fceux,
  title = {{FCEUX}, the all in one {NES}/{F}amicom emulator},
  author = {adelikat et al.},
  note = {\url{http://fceux.com/}},
}

@article{murphy2013first,
  title={The First Level of Super Mario Bros.~is Easy with Lexicographic Orderings and Time Travel. After that it gets a little tricky},
  author={Murphy, VII, Tom},
  month={April},
  journal = {{SIGBOVIK}},
  pages={112--133},
  year={2013},
}

@misc{murphy2018improper,
  title={Reverse emulating the {NES} to give it {SUPER POWERS}},
  author={Murphy, VII, Tom},
  year={2018},
  month={May},
  day={28},
  misc = {\url{https://youtu.be/ar9WRwCiSr0}},
}

@misc{crucialpower,
  title={How much power does memory use?},
  year={2019},
  publisher={Micron Technology, Inc.},
  misc = {\url{https://www.crucial.com/support/articles-faq-memory/how-much-power-does-memory-use}},
}

@misc{stm24c0w,
  title={{M24C04-W} {M24C04-R} {M24C04-F} datasheet},
  publisher={STMicroelectronics},
  year={2017},
  month={October},
  misc = {\url{https://www.st.com/resource/en/datasheet/m24c04-w.pdf}},
  note = {Revision 5},
}